@ARTICLE{Louis14,
   author = {{Louis}, T. and {Addison}, G.~E. and {Hasselfield}, M. and {Bond}, J. and 
	{Calabrese}, E. and {Das}, S. and {Devlin}, M.~J. and {Dunkley}, J. and 
	{D{\"u}nner}, R. and {Gralla}, M. and {Hajian}, A. and {Hincks}, A.~D. and 
	{Hlozek}, R. and {Huffenberger}, K. and {Infante}, L. and {Kosowsky}, A. and 
	{Marriage}, T.~A. and {Moodley}, K. and {N{\ae}ss}, S. and {Niemack}, M.~D. and 
	{Nolta}, M.~R. and {Page}, L.~A. and {Partridge}, B. and {Sehgal}, N. and 
	{Sievers}, J.~L. and {Spergel}, D.~N. and {Staggs}, S.~T. and 
	{Walter}, B.~Z. and {Wollack}, E.~J.},
    title = "{The Atacama Cosmology Telescope: Cross Correlation with Planck maps}",
  journal = {ArXiv e-prints},
archivePrefix = "arXiv",
   eprint = {1403.0608},
 primaryClass = "astro-ph.CO",
 keywords = {Astrophysics - Cosmology and Extragalactic Astrophysics},
     year = 2014,
    month = mar,
   adsurl = {http://adsabs.harvard.edu/abs/2014arXiv1403.0608L},
  adsnote = {Provided by the SAO/NASA Astrophysics Data System}
}

@ARTICLE{Staniszewski09,
   author = {{Staniszewski}, Z. and {Ade}, P.~A.~R. and {Aird}, K.~A. and 
	{Benson}, B.~A. and {Bleem}, L.~E. and {Carlstrom}, J.~E. and 
	{Chang}, C.~L. and {Cho}, H.-M. and {Crawford}, T.~M. and {Crites}, A.~T. and 
	{de Haan}, T. and {Dobbs}, M.~A. and {Halverson}, N.~W. and 
	{Holder}, G.~P. and {Holzapfel}, W.~L. and {Hrubes}, J.~D. and 
	{Joy}, M. and {Keisler}, R. and {Lanting}, T.~M. and {Lee}, A.~T. and 
	{Leitch}, E.~M. and {Loehr}, A. and {Lueker}, M. and {McMahon}, J.~J. and 
	{Mehl}, J. and {Meyer}, S.~S. and {Mohr}, J.~J. and {Montroy}, T.~E. and 
	{Ngeow}, C.-C. and {Padin}, S. and {Plagge}, T. and {Pryke}, C. and 
	{Reichardt}, C.~L. and {Ruhl}, J.~E. and {Schaffer}, K.~K. and 
	{Shaw}, L. and {Shirokoff}, E. and {Spieler}, H.~G. and {Stalder}, B. and 
	{Stark}, A.~A. and {Vanderlinde}, K. and {Vieira}, J.~D. and 
	{Zahn}, O. and {Zenteno}, A.},
    title = "{Galaxy Clusters Discovered with a Sunyaev-Zel'dovich Effect Survey}",
  journal = {\apj},
archivePrefix = "arXiv",
   eprint = {0810.1578},
 keywords = {cosmic microwave background, cosmology: observations, galaxies: clusters: general},
     year = 2009,
    month = aug,
   volume = 701,
    pages = {32-41},
      doi = {10.1088/0004-637X/701/1/32},
   adsurl = {http://adsabs.harvard.edu/abs/2009ApJ...701...32S},
  adsnote = {Provided by the SAO/NASA Astrophysics Data System}
}

@book{mo10book,
  title={Galaxy Formation and Evolution},
  author={Mo, H. and van den Bosch, F. and White, S.},
  isbn={9780521857932},
  lccn={2009054020},
  series={Galaxy Formation and Evolution},
  year={2010},
  publisher={Cambridge University Press}
}

@ARTICLE{Carlstrom02,
   author = {{Carlstrom}, J.~E. and {Holder}, G.~P. and {Reese}, E.~D.},
    title = "{Cosmology with the Sunyaev-Zel'dovich Effect}",
  journal = {\araa},
   eprint = {astro-ph/0208192},
 keywords = {galaxy clusters, cosmic microwave background, structure formation, surveys},
     year = 2002,
   volume = 40,
    pages = {643-680},
      doi = {10.1146/annurev.astro.40.060401.093803},
   adsurl = {http://adsabs.harvard.edu/abs/2002ARA%26A..40..643C},
  adsnote = {Provided by the SAO/NASA Astrophysics Data System}
}

@ARTICLE{Sunyaev72,
   author = {{Sunyaev}, R.~A. and {Zeldovich}, Y.~B.},
    title = "{The Observations of Relic Radiation as a Test of the Nature of X-Ray Radiation from the Clusters of Galaxies}",
  journal = {Comments on Astrophysics and Space Physics},
 keywords = {Cosmology, Microwave Background Radiation, Clusters of Galaxies, X-Ray Astronomy, Intergalactic Gas},
     year = 1972,
    month = nov,
   volume = 4,
    pages = {173},
   adsurl = {http://adsabs.harvard.edu/abs/1972CoASP...4..173S},
  adsnote = {Provided by the SAO/NASA Astrophysics Data System}
}

@MICS{Sampoorna03,
      author         = "Sampoorna, M.",
      title          = "{Compton Scattering in Astrophysics}",
      month          = "December",
      year           = "2003",
      url            = "http://www.iucaa.in/~dipankar/ph217/contrib/compton.pdf"
}

@ARTICLE{Rines10,
   author = {{Rines}, K. and {Geller}, M.~J. and {Diaferio}, A.},
    title = "{Comparison of Hectospec Virial Masses with Sunyaev-Zel'Dovich Effect Measurements}",
  journal = {\apjl},
archivePrefix = "arXiv",
   eprint = {1001.0006},
 primaryClass = "astro-ph.CO",
 keywords = {cosmology: observations, galaxies: clusters: individual, galaxies: kinematics and dynamics},
     year = 2010,
    month = jun,
   volume = 715,
    pages = {L180-L184},
      doi = {10.1088/2041-8205/715/2/L180},
   adsurl = {http://adsabs.harvard.edu/abs/2010ApJ...715L.180R},
  adsnote = {Provided by the SAO/NASA Astrophysics Data System}
}

@ARTICLE{Myers97,
   author = {{Myers}, S.~T. and {Baker}, J.~E. and {Readhead}, A.~C.~S. and 
	{Leitch}, E.~M. and {Herbig}, T.},
    title = "{Measurements of the Sunyaev-Zeldovich Effect in the Nearby Clusters A478, A2142, and A2256}",
  journal = {\apj},
   eprint = {astro-ph/9703123},
 keywords = {COSMOLOGY: COSMIC MICROWAVE BACKGROUND, COSMOLOGY: OBSERVATIONS, COSMOLOGY: DARK MATTER, COSMOLOGY: DISTANCE SCALE, GALAXIES: CLUSTERS: GENERAL, GALAXIES: INTERGALACTIC MEDIUM},
     year = 1997,
    month = aug,
   volume = 485,
    pages = {1},
      doi = {10.1086/304389},
   adsurl = {http://adsabs.harvard.edu/abs/1997ApJ...485....1M},
  adsnote = {Provided by the SAO/NASA Astrophysics Data System}
}

@MICS{Arnaud13,
      author         = "Arnaud, Monique",
      title          = "{The SZE View of Galaxy Clusters and Cosmology}",
      month          = "July",
      year           = "2013",
      url            = "http://astro.dur.ac.uk/ripples/Day2/Durham_marnaud.ppt.pdf"
}

@ARTICLE{von-der-Linden14,
   author = {{von der Linden}, A. and {Mantz}, A. and {Allen}, S.~W. and 
	{Applegate}, D.~E. and {Kelly}, P.~L. and {Morris}, R.~G. and 
	{Wright}, A. and {Allen}, M.~T. and {Burchat}, P.~R. and {Burke}, D.~L. and 
	{Donovan}, D. and {Ebeling}, H.},
    title = "{Robust Weak-lensing Mass Calibration of Planck Galaxy Clusters}",
  journal = {ArXiv e-prints},
archivePrefix = "arXiv",
   eprint = {1402.2670},
 primaryClass = "astro-ph.CO",
 keywords = {Astrophysics - Cosmology and Extragalactic Astrophysics},
     year = 2014,
    month = feb,
   adsurl = {http://adsabs.harvard.edu/abs/2014arXiv1402.2670V},
  adsnote = {Provided by the SAO/NASA Astrophysics Data System}
}

@INPROCEEDINGS{Stubbs09,
   author = {{Stubbs}, C.},
    title = "{Weak Lensing Mass Calibration of SZ-Selected Clusters}",
booktitle = {HST Proposal},
     year = 2009,
    month = jul,
    pages = {12246},
   adsurl = {http://adsabs.harvard.edu/abs/2009hst..prop12246S},
  adsnote = {Provided by the SAO/NASA Astrophysics Data System}
}

@ARTICLE{Gruen13,
   author = {{Gruen}, D. and {Seitz}, S. and {Kosyra}, R. and {Brimioulle}, F. and 
	{Koppenhoefer}, J. and {Lee}, C.-H. and {Bender}, R. and {Riffeser}, A. and 
	{Eichner}, T. and {Weidinger}, T. and {Bierschenk}, M.},
    title = "{Weak lensing analysis of SZ-selected clusters of galaxies from the SPT and Planck surveys}",
  journal = {ArXiv e-prints},
archivePrefix = "arXiv",
   eprint = {1310.6744},
 primaryClass = "astro-ph.CO",
 keywords = {Astrophysics - Cosmology and Extragalactic Astrophysics},
     year = 2013,
    month = oct,
   adsurl = {http://adsabs.harvard.edu/abs/2013arXiv1310.6744G},
  adsnote = {Provided by the SAO/NASA Astrophysics Data System}
}

@ARTICLE{Planck13p2,
   author = {{Planck Collaboration} and {Ade}, P.~A.~R. and {Aghanim}, N. and 
	{Arnaud}, M. and {Ashdown}, M. and {Atrio-Barandela}, F. and 
	{Aumont}, J. and {Baccigalupi}, C. and {Balbi}, A. and {Banday}, A.~J. and 
	{Barreiro}, R.~B. and {Bartlett}, J.~G. and {Battaner}, E. and 
	{Battye}, R. and {Benabed}, K. and {Bernard}, J.-P. and {Bersanelli}, M. and 
	{Bhatia}, R. and {Bikmaev}, I. and {B{\"o}hringer}, H. and {Bonaldi}, A. and 
	{Bond}, J.~R. and {Borgani}, S. and {Borrill}, J. and {Bouchet}, F.~R. and 
	{Bourdin}, H. and {Brown}, M.~L. and {Bucher}, M. and {Burenin}, R. and 
	{Burigana}, C. and {Butler}, R.~C. and {Cabella}, P. and {Cardoso}, J.-F. and 
	{Carvalho}, P. and {Chamballu}, A. and {Chiang}, L.-Y. and {Chon}, G. and 
	{Clements}, D.~L. and {Colafrancesco}, S. and {Coulais}, A. and 
	{Cuttaia}, F. and {Da Silva}, A. and {Dahle}, H. and {Davis}, R.~J. and 
	{de Bernardis}, P. and {de Gasperis}, G. and {Delabrouille}, J. and 
	{D{\'e}mocl{\`e}s}, J. and {D{\'e}sert}, F.-X. and {Diego}, J.~M. and 
	{Dolag}, K. and {Dole}, H. and {Donzelli}, S. and {Dor{\'e}}, O. and 
	{Douspis}, M. and {Dupac}, X. and {Efstathiou}, G. and {En{\ss}lin}, T.~A. and 
	{Eriksen}, H.~K. and {Finelli}, F. and {Flores-Cacho}, I. and 
	{Forni}, O. and {Frailis}, M. and {Franceschi}, E. and {Frommert}, M. and 
	{Galeotta}, S. and {Ganga}, K. and {G{\'e}nova-Santos}, R.~T. and 
	{Giard}, M. and {Giraud-H{\'e}raud}, Y. and {Gonz{\'a}lez-Nuevo}, J. and 
	{G{\'o}rski}, K.~M. and {Gregorio}, A. and {Gruppuso}, A. and 
	{Hansen}, F.~K. and {Harrison}, D. and {Hern{\'a}ndez-Monteagudo}, C. and 
	{Herranz}, D. and {Hildebrandt}, S.~R. and {Hivon}, E. and {Hobson}, M. and 
	{Holmes}, W.~A. and {Huffenberger}, K.~M. and {Hurier}, G. and 
	{Jagemann}, T. and {Juvela}, M. and {Keih{\"a}nen}, E. and {Khamitov}, I. and 
	{Kneissl}, R. and {Knoche}, J. and {Kunz}, M. and {Kurki-Suonio}, H. and 
	{Lagache}, G. and {Lamarre}, J.-M. and {Lasenby}, A. and {Lawrence}, C.~R. and 
	{Le Jeune}, M. and {Leach}, S. and {Leonardi}, R. and {Liddle}, A. and 
	{Lilje}, P.~B. and {Linden-V{\o}rnle}, M. and {L{\'o}pez-Caniego}, M. and 
	{Luzzi}, G. and {Mac{\'{\i}}as-P{\'e}rez}, J.~F. and {Maino}, D. and 
	{Mandolesi}, N. and {Maris}, M. and {Marleau}, F. and {Marshall}, D.~J. and 
	{Mart{\'{\i}}nez-Gonz{\'a}lez}, E. and {Masi}, S. and {Matarrese}, S. and 
	{Matthai}, F. and {Mazzotta}, P. and {Meinhold}, P.~R. and {Melchiorri}, A. and 
	{Melin}, J.-B. and {Mendes}, L. and {Mitra}, S. and {Miville-Desch{\^e}nes}, M.-A. and 
	{Montier}, L. and {Morgante}, G. and {Munshi}, D. and {Natoli}, P. and 
	{N{\o}rgaard-Nielsen}, H.~U. and {Noviello}, F. and {Osborne}, S. and 
	{Pajot}, F. and {Paoletti}, D. and {Partridge}, B. and {Pearson}, T.~J. and 
	{Perdereau}, O. and {Perrotta}, F. and {Piacentini}, F. and 
	{Piat}, M. and {Pierpaoli}, E. and {Piffaretti}, R. and {Platania}, P. and 
	{Pointecouteau}, E. and {Polenta}, G. and {Ponthieu}, N. and 
	{Popa}, L. and {Poutanen}, T. and {Pratt}, G.~W. and {Prunet}, S. and 
	{Puget}, J.-L. and {Rachen}, J.~P. and {Rebolo}, R. and {Reinecke}, M. and 
	{Remazeilles}, M. and {Renault}, C. and {Ricciardi}, S. and 
	{Ristorcelli}, I. and {Rocha}, G. and {Rosset}, C. and {Rossetti}, M. and 
	{Rubi{\~n}o-Mart{\'{\i}}n}, J.~A. and {Rusholme}, B. and {Sandri}, M. and 
	{Savini}, G. and {Scott}, D. and {Starck}, J.-L. and {Stivoli}, F. and 
	{Stolyarov}, V. and {Sudiwala}, R. and {Sunyaev}, R. and {Sutton}, D. and 
	{Suur-Uski}, A.-S. and {Sygnet}, J.-F. and {Tauber}, J.~A. and 
	{Terenzi}, L. and {Toffolatti}, L. and {Tomasi}, M. and {Tristram}, M. and 
	{Valenziano}, L. and {Van Tent}, B. and {Vielva}, P. and {Villa}, F. and 
	{Vittorio}, N. and {Wandelt}, B.~D. and {Weller}, J. and {White}, S.~D.~M. and 
	{Yvon}, D. and {Zacchei}, A. and {Zonca}, A.},
    title = "{Planck intermediate results. III. The relation between galaxy cluster mass and Sunyaev-Zeldovich signal}",
  journal = {\aap},
archivePrefix = "arXiv",
   eprint = {1204.2743},
 primaryClass = "astro-ph.CO",
 keywords = {X-rays: galaxies: clusters, galaxies: clusters: intracluster medium, galaxies: clusters: general, cosmology: observations},
     year = 2013,
    month = feb,
   volume = 550,
      eid = {A129},
    pages = {A129},
      doi = {10.1051/0004-6361/201219398},
   adsurl = {http://adsabs.harvard.edu/abs/2013A%26A...550A.129P},
  adsnote = {Provided by the SAO/NASA Astrophysics Data System}
}

@ARTICLE{Hoekstra12,
   author = {{Hoekstra}, H. and {Mahdavi}, A. and {Babul}, A. and {Bildfell}, C.
	},
    title = "{The Canadian Cluster Comparison Project: weak lensing masses and SZ scaling relations}",
  journal = {\mnras},
archivePrefix = "arXiv",
   eprint = {1208.0606},
 primaryClass = "astro-ph.CO",
 keywords = {gravitational lensing: weak, galaxies: clusters: general, cosmology: observations, dark matter},
     year = 2012,
    month = dec,
   volume = 427,
    pages = {1298-1311},
      doi = {10.1111/j.1365-2966.2012.22072.x},
   adsurl = {http://adsabs.harvard.edu/abs/2012MNRAS.427.1298H},
  adsnote = {Provided by the SAO/NASA Astrophysics Data System}
}

@INPROCEEDINGS{Lindley12,
   author = {{Lindley}, A. and {Landry}, D. and {Bonamente}, M. and {Joy}, M. and 
	{Bulbul}, E. and {Carlstrom}, J.~E. and {Culverhouse}, T.~L. and 
	{Gralla}, M. and {Greer}, C. and {Hawkins}, D. and {Lamb}, J.~W. and 
	{Leitch}, E.~M. and {Marrone}, D.~P. and {Miller}, A. and {Mroczkowski}, T. and 
	{Muchovej}, S. and {Plagge}, T. and {Woody}, D.},
    title = "{Calculating Cluster Masses via the Sunyaev-Zel'dovich Effect}",
booktitle = {American Astronomical Society Meeting Abstracts \#220},
     year = 2012,
   series = {American Astronomical Society Meeting Abstracts},
   volume = 220,
    month = may,
    pages = {#507.03},
   adsurl = {http://adsabs.harvard.edu/abs/2012AAS...22050703L},
  adsnote = {Provided by the SAO/NASA Astrophysics Data System}
}

@ARTICLE{Springel01,
   author = {{Springel}, V. and {White}, M. and {Hernquist}, L.},
    title = "{Hydrodynamic Simulations of the Sunyaev-Zeldovich Effect(s)}",
  journal = {\apj},
   eprint = {astro-ph/0008133},
 keywords = {Cosmology: Cosmic Microwave Background, Cosmology: Theory, Galaxies: Clusters: General, Cosmology: Large-Scale Structure of Universe, Methods: Numerical},
     year = 2001,
    month = mar,
   volume = 549,
    pages = {681-687},
      doi = {10.1086/319473},
   adsurl = {http://adsabs.harvard.edu/abs/2001ApJ...549..681S},
  adsnote = {Provided by the SAO/NASA Astrophysics Data System}
}

@ARTICLE{Birkinshaw99,
   author = {{Birkinshaw}, M.},
    title = "{The Sunyaev-Zel'dovich effect}",
  journal = {\physrep},
   eprint = {astro-ph/9808050},
     year = 1999,
    month = mar,
   volume = 310,
    pages = {97-195},
      doi = {10.1016/S0370-1573(98)00080-5},
   adsurl = {http://adsabs.harvard.edu/abs/1999PhR...310...97B},
  adsnote = {Provided by the SAO/NASA Astrophysics Data System}
}

@MISC{Bohringer10,
      author         = "Bohringer, Hans",
      title          = "{Summer School Lecture on Galaxy Clusters}",
      month          = "Summer",
      year           = "2010",
      url            = "http://www.astro.uni-bonn.de/~spp/files/school10/SPP_Lecture_SS10.pdf"

}

@MICS{Aghanim13,
      author         = "Bohringer, Hans",
      title          = "{Galaxy Cluster, in the Light of Planck}",
      month          = "September",
      year           = "2013",
      url            = "http://euclidska.physics.ox.ac.uk/Euclid-SKA/170913/Aghanim.pdf"
}

@ARTICLE{Bonaldi14,
   author = {{Bonaldi}, A. and {Battye}, R. and {Brown}, M.~L.},
    title = "{Cosmological constraints from Sunyaev-Zeldovich cluster counts: an approach to account for missing redshifts}",
  journal = {ArXiv e-prints},
archivePrefix = "arXiv",
   eprint = {1401.1387},
 primaryClass = "astro-ph.CO",
 keywords = {Astrophysics - Cosmology and Extragalactic Astrophysics},
     year = 2014,
    month = jan,
   adsurl = {http://adsabs.harvard.edu/abs/2014arXiv1401.1387B},
  adsnote = {Provided by the SAO/NASA Astrophysics Data System}
}

@ARTICLE{Planck13,
   author = {{Planck Collaboration} and {Ade}, P.~A.~R. and {Aghanim}, N. and 
	{Armitage-Caplan}, C. and {Arnaud}, M. and {Ashdown}, M. and 
	{Atrio-Barandela}, F. and {Aumont}, J. and {Baccigalupi}, C. and 
	{Banday}, A.~J. and et al.},
    title = "{Planck 2013 results. XX. Cosmology from Sunyaev-Zeldovich cluster counts}",
  journal = {ArXiv e-prints},
archivePrefix = "arXiv",
   eprint = {1303.5080},
 primaryClass = "astro-ph.CO",
 keywords = {Astrophysics - Cosmology and Extragalactic Astrophysics},
     year = 2013,
    month = mar,
   adsurl = {http://adsabs.harvard.edu/abs/2013arXiv1303.5080P},
  adsnote = {Provided by the SAO/NASA Astrophysics Data System}
}

@ARTICLE{Hasselfield13,
   author = {{Hasselfield}, M. and {Hilton}, M. and {Marriage}, T.~A. and 
	{Addison}, G.~E. and {Barrientos}, L.~F. and {Battaglia}, N. and 
	{Battistelli}, E.~S. and {Bond}, J.~R. and {Crichton}, D. and 
	{Das}, S. and {Devlin}, M.~J. and {Dicker}, S.~R. and {Dunkley}, J. and 
	{D{\"u}nner}, R. and {Fowler}, J.~W. and {Gralla}, M.~B. and 
	{Hajian}, A. and {Halpern}, M. and {Hincks}, A.~D. and {Hlozek}, R. and 
	{Hughes}, J.~P. and {Infante}, L. and {Irwin}, K.~D. and {Kosowsky}, A. and 
	{Marsden}, D. and {Menanteau}, F. and {Moodley}, K. and {Niemack}, M.~D. and 
	{Nolta}, M.~R. and {Page}, L.~A. and {Partridge}, B. and {Reese}, E.~D. and 
	{Schmitt}, B.~L. and {Sehgal}, N. and {Sherwin}, B.~D. and {Sievers}, J. and 
	{Sif{\'o}n}, C. and {Spergel}, D.~N. and {Staggs}, S.~T. and 
	{Swetz}, D.~S. and {Switzer}, E.~R. and {Thornton}, R. and {Trac}, H. and 
	{Wollack}, E.~J.},
    title = "{The Atacama Cosmology Telescope: Sunyaev-Zel'dovich selected galaxy clusters at 148 GHz from three seasons of data}",
  journal = {\jcap},
archivePrefix = "arXiv",
   eprint = {1301.0816},
 primaryClass = "astro-ph.CO",
     year = 2013,
    month = jul,
   volume = 7,
      eid = {008},
    pages = {8},
      doi = {10.1088/1475-7516/2013/07/008},
   adsurl = {http://adsabs.harvard.edu/abs/2013JCAP...07..008H},
  adsnote = {Provided by the SAO/NASA Astrophysics Data System}
}

@article{Dawson13,
  author={William A. Dawson},
  title={The Dynamics of Merging Clusters: A Monte Carlo Solution Applied to the Bullet and Musket Ball Clusters},
  journal={The Astrophysical Journal},
  volume={772},
  number={2},
  pages={131},
  url={http://stacks.iop.org/0004-637X/772/i=2/a=131},
  year={2013}}	

@article{Campanelli12,
      author         = "Campanelli, L. and Fogli, G.L. and Kahniashvili, T. and
                        Marrone, A. and Ratra, Bharat",
      title          = "{Galaxy cluster number count data constraints on
                        cosmological parameters}",
      journal        = "Eur.Phys.J.",
      volume         = "C72",
      pages          = "2218",
      doi            = "10.1140/epjc/s10052-012-2218-4",
      year           = "2012",
      eprint         = "1110.2310",
      archivePrefix  = "arXiv",
      primaryClass   = "astro-ph.CO",
      SLACcitation   = "%%CITATION = ARXIV:1110.2310;%%",
}

@article{Rozo10,
      author         = "Rozo, Eduardo and Wu, Hao-Yi and Schmidt, Fabian",
      title          = "{Stacked Weak Lensing Mass Calibration: Estimators,
                        Systematics, and Impact on Cosmological Parameter
                        Constraints}",
      journal        = "Astrophys.J.",
      volume         = "735",
      pages          = "118",
      doi            = "10.1088/0004-637X/735/2/118",
      year           = "2011",
      eprint         = "1009.0756",
      archivePrefix  = "arXiv",
      primaryClass   = "astro-ph.CO",
      reportNumber   = "SLAC-PUB-14461",
      SLACcitation   = "%%CITATION = ARXIV:1009.0756;%%",
}

@article{Sartoris12,
      author         = "Sartoris, B. and Borgani, S. and Rosati, P. and Weller,
                        J.",
      title          = "{Probing dark energy with the next generation X-ray
                        surveys of galaxy clusters}",
      journal        = "Mon.Not.Roy.Astron.Soc.",
      volume         = "423",
      pages          = "2503-2517",
      doi            = "10.1111/j.1365-2966.2012.21064.x",
      year           = "2012",
      eprint         = "1112.0327",
      archivePrefix  = "arXiv",
      primaryClass   = "astro-ph.CO",
      SLACcitation   = "%%CITATION = ARXIV:1112.0327;%%",
}

@article{Markevitch04,
      author         = "Markevitch, Maxim and Gonzalez, A.H. and Clowe, D. and
                        Vikhlinin, A. and David, L. and others",
      title          = "{Direct constraints on the dark matter self-interaction
                        cross-section from the merging galaxy cluster 1E0657-56}",
      journal        = "Astrophys.J.",
      volume         = "606",
      pages          = "819-824",
      doi            = "10.1086/383178",
      year           = "2004",
      eprint         = "astro-ph/0309303",
      archivePrefix  = "arXiv",
      primaryClass   = "astro-ph",
      SLACcitation   = "%%CITATION = ASTRO-PH/0309303;%%",
}

@article{Barrena02,
      author         = "Barrena, R. and Biviano, A. and Ramella, M. and Falco,
                        E.E. and Seitz, S.",
      title          = "{The dynamical status of the cluster of galaxies
                        1e0657-56}",
      year           = "2002",
      eprint         = "astro-ph/0202323",
      archivePrefix  = "arXiv",
      primaryClass   = "astro-ph",
      SLACcitation   = "%%CITATION = ASTRO-PH/0202323;%%",
}

@article{Girardi08,
      author         = "Girardi, M. and Barrena, R. and Boschin, W. and
                        Ellingson, E.",
      title          = "{Cluster Abell 520: a perspective based on member
                        galaxies. A cluster forming at the crossing of three
                        filaments?}",
      year           = "2008",
      eprint         = "0809.3139",
      archivePrefix  = "arXiv",
      primaryClass   = "astro-ph",
      SLACcitation   = "%%CITATION = ARXIV:0809.3139;%%",
}

@article{Boschin12,
      author         = "Boschin, W. and Girardi, M. and Barrena, R. and Nonino,
                        M.",
      title          = "{Abell 1758N from an optical point of view: new insights
                        on a merging cluster with diffuse radio emission}",
      year           = "2012",
      eprint         = "1203.1473",
      archivePrefix  = "arXiv",
      primaryClass   = "astro-ph.CO",
      SLACcitation   = "%%CITATION = ARXIV:1203.1473;%%",
}

@article{Skillman13,
      author         = "Skillman, Samuel W. and Xu, Hao and Hallman, Eric J. and
                        O'Shea, Brian W. and Burns, Jack O. and others",
      title          = "{Cosmological MHD Simulations of Galaxy Cluster Radio
                        Relics: Insights and Warnings for Observations}",
      journal        = "Astrophys.J.",
      volume         = "765",
      pages          = "21",
      doi            = "10.1088/0004-637X/765/1/21",
      year           = "2013",
      eprint         = "1211.3122",
      archivePrefix  = "arXiv",
      primaryClass   = "astro-ph.CO",
      SLACcitation   = "%%CITATION = ARXIV:1211.3122;%%",
}

@article{Vazza11,
      author         = "Vazza, F. and Brueggen, M. and van Weeren, R. and
                        Bonafede, A. and Dolag, K. and others",
      title          = "{Why are central radio relics so rare?}",
      year           = "2011",
      eprint         = "1111.1720",
      archivePrefix  = "arXiv",
      primaryClass   = "astro-ph.CO",
      SLACcitation   = "%%CITATION = ARXIV:1111.1720;%%",
}

@article{reinout12,
      author         = "van Weeren, R.J. and Rottgering, H.J.A. and Intema, H.T.
                        and Rudnick, L. and Bruggen, M. and others",
      title          = "{The 'toothbrush-relic': evidence for a coherent linear
                        2-Mpc scale shock wave in a massive merging galaxy
                        cluster?}",
      year           = "2012",
      eprint         = "1209.2196",
      archivePrefix  = "arXiv",
      primaryClass   = "astro-ph.CO",
      SLACcitation   = "%%CITATION = ARXIV:1209.2196;%%",
}

@article{reinout11c,
      author         = "van Weeren, R.J. and Bruggen, M. and Rottgering, H.J.A.
                        and Hoeft, M.",
      title          = "{Using double radio relics to constrain galaxy cluster
                        mergers: A model of double radio relics in CIZA
                        J2242.8+5301}",
      year           = "2011",
      eprint         = "1108.1398",
      archivePrefix  = "arXiv",
      primaryClass   = "astro-ph.CO",
      SLACcitation   = "%%CITATION = ARXIV:1108.1398;%%",
}

@article{reinout11b,
      author         = "van Weeren, R.J. and Hoeft, M. and Rottgering, H.J.A. and
                        Bruggen, M. and Intema, H.T. and others",
      title          = "{A double radio relic in the merging galaxy cluster ZwCl
                        0008.8+5215}",
      year           = "2011",
      eprint         = "1102.2235",
      archivePrefix  = "arXiv",
      primaryClass   = "astro-ph.CO",
      SLACcitation   = "%%CITATION = ARXIV:1102.2235;%%",
}

@article{reinout10,
      author         = "van Weeren, R.J. and Rottgering, H.J.A. and Bruggen, M.
                        and Hoeft, M.",
      title          = "{Particle Acceleration on Megaparsec Scales in a Merging
                        Galaxy Cluster}",
      journal        = "Science",
      volume         = "330",
      pages          = "347",
      doi            = "10.1126/science.1194293",
      year           = "2010",
      eprint         = "1010.4306",
      archivePrefix  = "arXiv",
      primaryClass   = "astro-ph.CO",
      SLACcitation   = "%%CITATION = ARXIV:1010.4306;%%",
}

@article{Ensslin98,
      author         = "Ensslin, Torsten A. and Biermann, Peter L. and Klein,
                        Ulrich and Kohle, Sven",
      title          = "{Cluster radio relics as a tracer of shock waves of the
                        large - scale structure formation}",
      journal        = "Astron.Astrophys.",
      volume         = "332",
      pages          = "395",
      year           = "1998",
      eprint         = "astro-ph/9712293",
      archivePrefix  = "arXiv",
      primaryClass   = "astro-ph",
      reportNumber   = "MPIFR-REPORT-NO-740",
      SLACcitation   = "%%CITATION = ASTRO-PH/9712293;%%",
}

@article{Venturi99,
      author         = "Venturi, T. and Bardelli, S. and Zambelli, G. and
                        Morganti, R. and Hunstead, R.W.",
      title          = "{Radio observations of merging clusters in the shapley
                        concentration}",
      year           = "1999",
      eprint         = "astro-ph/9907069",
      archivePrefix  = "arXiv",
      primaryClass   = "astro-ph",
      SLACcitation   = "%%CITATION = ASTRO-PH/9907069;%%",
}

@article{Roettiger99,
      author         = "Roettiger, K. and Stone, J.M. and Burns, J.O.",
      title          = "{Magnetic field evolution in merging clusters of
                        galaxies}",
      year           = "1999",
      eprint         = "astro-ph/9902105",
      archivePrefix  = "arXiv",
      primaryClass   = "astro-ph",
      SLACcitation   = "%%CITATION = ASTRO-PH/9902105;%%",
}

@article{Zwicky33,
      author         = "Zwicky, F.",
      title          = "{Die Rotverschiebung von extragalaktischen Nebeln}",
      journal        = "Helv.Phys.Acta",
      volume         = "6",
      pages          = "110-127",
      year           = "1933",
      SLACcitation   = "%%CITATION = HPACA,6,110;%%",
}

@ARTICLE{rubin78,
   author = {{Rubin}, V.~C. and {Thonnard}, N. and {Ford}, Jr., W.~K.},
    title = "{Extended rotation curves of high-luminosity spiral galaxies. IV - Systematic dynamical properties, SA through SC}",
  journal = "Astrophys.J.",
 keywords = {Angular Velocity, Galactic Rotation, Galactic Structure, Luminous Intensity, Spiral Galaxies, Astrodynamics, Astronomical Models, Curves (Geometry), Galactic Radiation},
     year = 1978,
    month = nov,
   volume = 225,
    pages = {L107-L111},
      doi = {10.1086/182804},
   adsurl = {http://adsabs.harvard.edu/abs/1978ApJ...225L.107R},
  adsnote = {Provided by the SAO/NASA Astrophysics Data System}
}

@article{CDMS,
      author         = "Agnese, R. and others",
      title          = "{Silicon Detector Dark Matter Results from the Final
                        Exposure of CDMS II}",
      collaboration  = "CDMS Collaboration",
      journal        = "Phys.Rev.Lett.",
      year           = "2013",
      eprint         = "1304.4279",
      archivePrefix  = "arXiv",
      primaryClass   = "hep-ex",
      reportNumber   = "FERMILAB-PUB-13-104-AE-E",
      SLACcitation   = "%%CITATION = ARXIV:1304.4279;%%",
}

@article{LUX,
      author         = "Fiorucci, S.",
      title          = "{The LUX Dark Matter Search – Status Update}",
      collaboration  = "LUX Collaboration",
      journal        = "J.Phys.Conf.Ser.",
      volume         = "460",
      pages          = "012005",
      doi            = "10.1088/1742-6596/460/1/012005",
      year           = "2013",
      eprint         = "1301.6942",
      archivePrefix  = "arXiv",
      primaryClass   = "astro-ph.IM",
      SLACcitation   = "%%CITATION = ARXIV:1301.6942;%%",
}

@article{XENON,
      author         = "Aprile, E. and others",
      title          = "{Observation and applications of single-electron charge
                        signals in the XENON100 experiment}",
      collaboration  = "XENON100 Collaboration",
      year           = "2013",
      eprint         = "1311.1088",
      archivePrefix  = "arXiv",
      primaryClass   = "physics.ins-det",
      SLACcitation   = "%%CITATION = ARXIV:1311.1088;%%",
}

@article{cogent,
      author         = "Aalseth, C.E. and others",
      title          = "{CoGeNT: A Search for Low-Mass Dark Matter using p-type
                        Point Contact Germanium Detectors}",
      collaboration  = "CoGeNT Collaboration",
      journal        = "Phys.Rev.",
      volume         = "D88",
      pages          = "012002",
      doi            = "10.1103/PhysRevD.88.012002",
      year           = "2013",
      eprint         = "1208.5737",
      archivePrefix  = "arXiv",
      primaryClass   = "astro-ph.CO",
      SLACcitation   = "%%CITATION = ARXIV:1208.5737;%%",
}



@article{Dietrich12,
      author         = "Dietrich, Jorg P. and Werner, Norbert and Clowe, Douglas
                        and Finoguenov, Alexis and Kitching, Tom and others",
      title          = "{A filament of dark matter between two clusters of
                        galaxies}",
      journal        = "Nature",
      doi            = "10.1038/nature11224",
      year           = "2012",
      eprint         = "1207.0809",
      archivePrefix  = "arXiv",
      primaryClass   = "astro-ph.CO",
      SLACcitation   = "%%CITATION = ARXIV:1207.0809;%%",
}

@article{Dawson12,
      author         = "Dawson, William A. and Wittman, David and Jee, Myungkook
                        and Gee, Perry and Hughes, John P. and others",
      title          = "{Discovery of a Dissociative Galaxy Cluster Merger with
                        Large Physical Separation}",
      journal        = "Astrophys.J.",
      volume         = "747",
      pages          = "L42",
      doi            = "10.1088/2041-8205/747/2/L42",
      year           = "2012",
      eprint         = "1110.4391",
      archivePrefix  = "arXiv",
      primaryClass   = "astro-ph.CO",
      SLACcitation   = "%%CITATION = ARXIV:1110.4391;%%",
}

@article{Markevitch02,
      author         = "Markevitch, M. and Gonzalez, A.H. and David, L. and
                        Vikhlinin, A. and Murray, S. and others",
      title          = "{A Textbook example of a bow shock in the merging galaxy
                        cluster 1E0657-56}",
      journal        = "Astrophys.J.",
      volume         = "567",
      pages          = "L27",
      doi            = "10.1086/339619",
      year           = "2002",
      eprint         = "astro-ph/0110468",
      archivePrefix  = "arXiv",
      primaryClass   = "astro-ph",
      SLACcitation   = "%%CITATION = ASTRO-PH/0110468;%%",
}

@article{Spergel99,
      author         = "Spergel, David N. and Steinhardt, Paul J.",
      title          = "{Observational evidence for selfinteracting cold dark
                        matter}",
      journal        = "Phys.Rev.Lett.",
      volume         = "84",
      pages          = "3760-3763",
      doi            = "10.1103/PhysRevLett.84.3760",
      year           = "2000",
      eprint         = "astro-ph/9909386",
      archivePrefix  = "arXiv",
      primaryClass   = "astro-ph",
      SLACcitation   = "%%CITATION = ASTRO-PH/9909386;%%",
}

@article{Bradac08,
      author         = "Bradac, Marusa and Allen, Steven W. and Treu, Tommaso and
                        Ebeling, Harald and Massey, Richard and others",
      title          = "{Revealing the properties of dark matter in the merging
                        cluster MACSJ0025.4-1222}",
      year           = "2008",
      eprint         = "0806.2320",
      archivePrefix  = "arXiv",
      primaryClass   = "astro-ph",
      SLACcitation   = "%%CITATION = ARXIV:0806.2320;%%",
}

@article{Barrena09,
      author         = "Barrena, R. and Girardi, M. and Boschin, W. and Dasi, M.",
      title          = "{Internal dynamics of Abell 1240: a galaxy cluster with
                        symmetric double radio relics}",
      year           = "2009",
      eprint         = "0905.3011",
      archivePrefix  = "arXiv",
      primaryClass   = "astro-ph.CO",
      SLACcitation   = "%%CITATION = ARXIV:0905.3011;%%",
}

@article{Merten11,
      author         = "Merten, J. and Coe, D. and Dupke, R. and Massey, R. and
                        Zitrin, A. and others",
      title          = "{Creation of cosmic structure in the complex galaxy
                        cluster merger Abell 2744}",
      journal        = "Mon.Not.Roy.Astron.Soc.",
      volume         = "417",
      pages          = "333-347",
      doi            = "10.1111/j.1365-2966.2011.19266.x",
      year           = "2011",
      eprint         = "1103.2772",
      archivePrefix  = "arXiv",
      primaryClass   = "astro-ph.CO",
      SLACcitation   = "%%CITATION = ARXIV:1103.2772;%%",
}

@article{Jee12,
      author         = "Jee, M.J. and Mahdavi, A. and Hoekstra, H. and Babul, A.
                        and Dalcanton, J.J. and others",
      title          = "{A Study of the Dark Core in A520 with Hubble Space
                        Telescope: The Mystery Deepens}",
      journal        = "Astrophys.J.",
      volume         = "747",
      pages          = "96",
      doi            = "10.1088/0004-637X/747/2/96",
      year           = "2012",
      eprint         = "1202.6368",
      archivePrefix  = "arXiv",
      primaryClass   = "astro-ph.CO",
      SLACcitation   = "%%CITATION = ARXIV:1202.6368;%%",
}

@article{Soucail12,
      author         = "Soucail, G.",
      title          = "{Dark matter distribution in the merging cluster Abell
                        2163}",
      year           = "2012",
      eprint         = "1203.0229",
      archivePrefix  = "arXiv",
      primaryClass   = "astro-ph.CO",
      SLACcitation   = "%%CITATION = ARXIV:1203.0229;%%",
}

@ARTICLE{Gomez12,
   author = {{G{\'o}mez}, P.~L. and {Valkonen}, L.~E. and {Romer}, A.~K. and 
	{Lloyd-Davies}, E. and {Verdugo}, T. and {Cantalupo}, C.~M. and 
	{Daub}, M.~D. and {Goldstein}, J.~H. and {Kuo}, C.~L. and {Lange}, A.~E. and 
	{Lueker}, M. and {Holzapfel}, W.~L. and {Peterson}, J.~B. and 
	{Ruhl}, J. and {Runyan}, M.~C. and {Reichardt}, C.~L. and {Sabirli}, K.
	},
    title = "{Optical and X-Ray Observations of the Merging Cluster AS1063}",
  journal = "Astrophys.J.",
 keywords = {galaxies: clusters: general},
     year = 2012,
    month = sep,
   volume = 144,
      eid = {79},
    pages = {79},
      doi = {10.1088/0004-6256/144/3/79},
   adsurl = {http://adsabs.harvard.edu/abs/2012AJ....144...79G},
  adsnote = {Provided by the SAO/NASA Astrophysics Data System}
}

@article{Menanteau12,
      author         = "Menanteau, Felipe and Hughes, John P. and Sifon,
                        Cristobal and Hilton, Matt and Gonzalez, Jorge and others",
      title          = "{The Atacama Cosmology Telescope: ACT-CL J0102-4215 'El
                        Gordo,' a Massive Merging Cluster at Redshift 0.87}",
      journal        = "Astrophys.J.",
      volume         = "748",
      pages          = "7",
      doi            = "10.1088/0004-637X/748/1/7",
      year           = "2012",
      eprint         = "1109.0953",
      archivePrefix  = "arXiv",
      primaryClass   = "astro-ph.CO",
      SLACcitation   = "%%CITATION = ARXIV:1109.0953;%%",
}

@article{Medezinski13,
      author         = "Medezinski, Elinor and Umetsu, Keiichi and Nonino, Mario
                        and Merten, Julian and Zitrin, Adi and others",
      title          = "{CLASH: Complete Lensing Analysis of the Largest Cosmic
                        Lens MACS J0717.5+3745 and Surrounding Structures}",
      year           = "2013",
      eprint         = "1304.1223",
      archivePrefix  = "arXiv",
      primaryClass   = "astro-ph.CO",
      SLACcitation   = "%%CITATION = ARXIV:1304.1223;%%",
}

@article{Dahle13,
      author         = "Dahle, Hakon and Sarazin, Craig L. and Lopez, Laura A.
                        and Kouveliotou, Chryssa and Patel, Sandeep K. and others",
      title          = "{The Burst Cluster: Dark Matter in a Cluster Merger
                        Associated with the Short Gamma-Ray Burst, GRB 050509B}",
      journal        = "Astrophys.J.",
      volume         = "772",
      pages          = "23",
      doi            = "10.1088/0004-637X/772/1/23",
      year           = "2013",
      eprint         = "1305.4660",
      archivePrefix  = "arXiv",
      primaryClass   = "astro-ph.CO",
      SLACcitation   = "%%CITATION = ARXIV:1305.4660;%%",
}

@article{Blandford78,
      author         = "Blandford, R.D. and Ostriker, J.P.",
      title          = "{Particle Acceleration by Astrophysical Shocks}",
      journal        = "Astrophys.J.",
      volume         = "221",
      pages          = "L29-L32",
      doi            = "10.1086/182658",
      year           = "1978",
      SLACcitation   = "%%CITATION = ASJOA,221,L29;%%",
}

@article{Peebles93,
      author         = "Peebles, P.J.E.",
      title          = "{Principles of physical cosmology}",
      year           = "1994",
      SLACcitation   = "%%CITATION = INSPIRE-376248;%%",
}

@article{Springel07,
      author         = "Springel, Volker and Farrar, Glennys",
      title          = "{The Speed of the bullet in the merging galaxy cluster
                        1E0657-56}",
      journal        = "Mon.Not.Roy.Astron.Soc.",
      volume         = "380",
      pages          = "911-925",
      doi            = "10.1111/j.1365-2966.2007.12159.x",
      year           = "2007",
      eprint         = "astro-ph/0703232",
      archivePrefix  = "arXiv",
      primaryClass   = "ASTRO-PH",
      SLACcitation   = "%%CITATION = ASTRO-PH/0703232;%%",
}

@article{Randall08,
      author         = "Randall, Scott W. and Markevitch, Maxim and Clowe,
                        Douglas and Gonzalez, Anthony H. and Bradac, Marusa",
      title          = "{Constraints on the Self-Interaction Cross-Section of
                        Dark Matter from Numerical Simulations of the Merging
                        Galaxy Cluster 1E 0657-56}",
      journal        = "Astrophys.J.",
      volume         = "679",
      pages          = "1173-1180",
      doi            = "10.1086/587859",
      year           = "2008",
      eprint         = "0704.0261",
      archivePrefix  = "arXiv",
      primaryClass   = "astro-ph",
      SLACcitation   = "%%CITATION = ARXIV:0704.0261;%%",
}

@article{Kahlhoefer13,
      author         = "Kahlhoefer, Felix and Schmidt-Hoberg, Kai and Frandsen,
                        Mads T. and Sarkar, Subir",
      title          = "{Colliding clusters and dark matter self-interactions}",
      year           = "2013",
      eprint         = "1308.3419",
      archivePrefix  = "arXiv",
      primaryClass   = "astro-ph.CO",
      reportNumber   = "CERN-PH-TH-2013-194, NSF-KITP-13-140,
                        CP3-ORIGINS-2013-029-DNRF90, --DIAS-2013-29, OUTP-13-14P",
      SLACcitation   = "%%CITATION = ARXIV:1308.3419;%%",
}

@article{Clowe06,
      author         = "Clowe, Douglas and Randall, S.W. and Markevitch, M.",
      title          = "{Catching a bullet: Direct evidence for the existence of
                        dark matter}",
      journal        = "Nucl.Phys.Proc.Suppl.",
      volume         = "173",
      pages          = "28-31",
      doi            = "10.1016/j.nuclphysbps.2007.08.150",
      year           = "2007",
      eprint         = "astro-ph/0611496",
      archivePrefix  = "arXiv",
      primaryClass   = "astro-ph",
      SLACcitation   = "%%CITATION = ASTRO-PH/0611496;%%",
}